@manual{intel2017man,
  key = 1,
  author = {{Intel Corporation}},
  title = {Intel 64 and IA-32 Architectures Software Developers Manual},
  year = {2016},
  month = apr,
  organization = {Intel Corporation},
  note = {\url{http://www.intel.com/content/www/us/en/processors/architectures-software-developer-manuals.html},
   visited 2017-08-19}
}
@manual{pgmpgmpbm,
  key = 2,
  author = {{Paul Bourke}},
  title = {PPM, PGM, PBM Image Files},
  year = {1997},
  month = jul,
  note = {\url{https://paulbourke.net/dataformats/ppm/},
   visited 2024-01-20}
}
@manual{ece472,
  key = 3,
  author = {{University of Tennessee}},
  title = {ECE472/572 Digital Image Processing},
  note = {\url{https://web.eecs.utk.edu/~hqi/ece472-572/testimage.htm},
   visited 2023-12-25}
}
@manual{ppm,
  key = 4,
  year = {2016},
  month = oct,
  title = {PPM Format Specification},
  note = {\url{https://netpbm.sourceforge.net/doc/ppm.html},
   visited 2023-12-18}
}
@manual{ppmformats,
  key = 5,
  year = {2020},
  month = aug,
  title = {User Manual for NetPBM},
  note = {\url{https://netpbm.sourceforge.net/doc/index.html#formats},
   visited 2023-12-18}
}
@manual{grafikgraustufen,
  key = 6,
  year = {2022},
  month = jan,
  title = {Grafik/Grundbegriffe Graustufen},
  note = {\url{https://wiki.selfhtml.org/wiki/Grafik/Grundbegriffe/Graustufen},
   visited 2024-01-14}
}
@manual{wahrnehmung,
  key = 7,
  title = {Wahrnehmung von Helligkeiten / Graut√∂nen},
  note = {\url{https://www.geowissensbildung.de/startseite-final-2/2-wahrnehmung-von-farben-final/2-6-wahrnehmung-von-helligkeitengrautoenen-final/},
   visited 2024-01-14}
}
@manual{bilint,
  key = 8,
  title = {Bilineare Interpolation},
  year = {2022},
  month = dec,
  note = {\url{https://de.wikibrief.org/wiki/Bilinear_interpolation},
   visited 2024-01-14}
}